<record><leader>00000cas a2200000 a 4500</leader><controlfield tag="001">11424041</controlfield><controlfield tag="008">841127d18701918nyuwr ne      0    0eng c</controlfield><datafield ind1=" " ind2=" " tag="010"><subfield code="a">sn 84031784 </subfield></datafield><datafield ind1=" " ind2=" " tag="040"><subfield code="a">NYG</subfield><subfield code="b">eng</subfield><subfield code="c">NYG</subfield><subfield code="d">NPX</subfield><subfield code="d">NYS</subfield><subfield code="d">OCLCQ</subfield><subfield code="d">NYS</subfield><subfield code="d">OCLCQ</subfield><subfield code="d">OCLCO</subfield><subfield code="d">OCLCF</subfield></datafield><datafield ind1="1" ind2=" " tag="029"><subfield code="a">AU@</subfield><subfield code="b">000020344735</subfield></datafield><datafield ind1=" " ind2=" " tag="042"><subfield code="a">pcc</subfield></datafield><datafield ind1=" " ind2=" " tag="043"><subfield code="a">n-us-ny</subfield></datafield><datafield ind1="0" ind2="0" tag="245"><subfield code="a">South side observer.</subfield></datafield><datafield ind1=" " ind2=" " tag="260"><subfield code="a">Freeport, L.I. [N.Y.] :</subfield><subfield code="b">George Wallace</subfield></datafield><datafield ind1=" " ind2=" " tag="300"><subfield code="a">v. :</subfield><subfield code="b">ill.</subfield></datafield><datafield ind1=" " ind2=" " tag="310"><subfield code="a">Weekly</subfield></datafield><datafield ind1="0" ind2=" " tag="362"><subfield code="a">Vol. 6, no. 281 (Nov. 4, 1870)-v. 53, no. 29 (July 19, 1918) = no. 281-no. 2771.</subfield></datafield><datafield ind1=" " ind2=" " tag="500"><subfield code="a">Published in Freeport, N.Y., Nov. 4, 1870-Aug, 23, 1872; and in Rockville Centre, Aug. 30, 1872-July 19, 1918.</subfield></datafield><datafield ind1=" " ind2=" " tag="500"><subfield code="a">Publishers: George Wallace, 1870-1873, Wallace Brothers, 1873-1896, and South Side Observer Co., 1896-1918.</subfield></datafield><datafield ind1=" " ind2=" " tag="500"><subfield code="a">"The local newspaper for Rockville Centre, Lynbrook, East Rockaway, Valley Stream, Rockaway, Springland, Hempstead, Oceanside, Baldwins, Freeport, Merrick, Bellmore, Wantagh, Seaford and for Queens County."</subfield></datafield><datafield ind1=" " ind2="0" tag="651"><subfield code="a">Rockville Centre (N.Y.)</subfield><subfield code="v">Newspapers.</subfield></datafield><datafield ind1=" " ind2="0" tag="651"><subfield code="a">Freeport (N.Y.)</subfield><subfield code="v">Newspapers.</subfield></datafield><datafield ind1=" " ind2="0" tag="651"><subfield code="a">Nassau County (N.Y.)</subfield><subfield code="v">Newspapers.</subfield></datafield><datafield ind1=" " ind2="0" tag="651"><subfield code="a">Queens County (N.Y.)</subfield><subfield code="v">Newsapers.</subfield></datafield><datafield ind1=" " ind2="7" tag="655"><subfield code="a">Newspapers.</subfield><subfield code="2">fast</subfield><subfield code="0">(OCoLC)fst01423814</subfield></datafield><datafield ind1=" " ind2="7" tag="651"><subfield code="a">New York (State)</subfield><subfield code="z">Freeport.</subfield><subfield code="2">fast</subfield><subfield code="0">(OCoLC)fst01223669</subfield></datafield><datafield ind1=" " ind2="7" tag="651"><subfield code="a">New York (State)</subfield><subfield code="z">Nassau County.</subfield><subfield code="2">fast</subfield><subfield code="0">(OCoLC)fst01205518</subfield></datafield><datafield ind1=" " ind2="7" tag="651"><subfield code="a">New York (State)</subfield><subfield code="z">Queens County.</subfield><subfield code="2">fast</subfield><subfield code="0">(OCoLC)fst01246810</subfield></datafield><datafield ind1=" " ind2="7" tag="651"><subfield code="a">New York (State)</subfield><subfield code="z">Rockville Centre.</subfield><subfield code="2">fast</subfield><subfield code="0">(OCoLC)fst01226817</subfield></datafield><datafield ind1=" " ind2=" " tag="752"><subfield code="a">United States</subfield><subfield code="b">New York</subfield><subfield code="c">Nassau</subfield><subfield code="d">Rockville Centre.</subfield></datafield><datafield ind1=" " ind2=" " tag="752"><subfield code="a">United States</subfield><subfield code="b">New York</subfield><subfield code="c">Nassau</subfield><subfield code="d">Freeport.</subfield></datafield><datafield ind1="0" ind2="0" tag="780"><subfield code="t">Picket</subfield><subfield code="w">(DLC)sn 85025689</subfield><subfield code="w">(OCoLC)11855312</subfield></datafield><datafield ind1="0" ind2="7" tag="785"><subfield code="t">Nassau post</subfield><subfield code="w">(DLC)sn 95071434</subfield><subfield code="w">(OCoLC)33312964</subfield></datafield><datafield ind1="0" ind2="7" tag="785"><subfield code="t">South side observer and Nassau post</subfield><subfield code="w">(DLC)sn 84035868</subfield><subfield code="w">(OCoLC)11440345</subfield></datafield></record>